@misc{QuantikiRef,
  title = {Quantiki},
  howpublished = {\url{https://quantiki.org/}},
  note = {Accessed: 2021-09-13}
}

@misc{QuantumComputingStackExchange,
  title = {Quantum Computing Stack Exchange},
  howpublished = {\url{https://quantumcomputing.stackexchange.com/}},
  note = {Accessed: 2021-09-13}
}

@inproceedings{oka2016classical,
  title={A classical network protocol to support distributed quantum state tomography},
  author={Oka, Takafumi and Satoh, Takahiko and Van Meter, Rodney},
  booktitle={2016 IEEE Globecom Workshops (GC Wkshps)},
  pages={1--6},
  year={2016},
  organization={IEEE}
}

@article{satoh2018network,
  title={The network impact of hijacking a quantum repeater},
  author={Satoh, Takahiko and Nagayama, Shota and Oka, Takafumi and Van Meter, Rodney},
  journal={Quantum Science and Technology},
  volume={3},
  number={3},
  pages={034008},
  year={2018},
  publisher={IOP Publishing}
}

@misc{popkin2021internet,
  title={The internet goes quantum},
  author={Popkin, Gabriel},
  year={2021},
  publisher={American Association for the Advancement of Science},
  howpublished = {\url{https://www.science.org/doi/10.1126/science.372.6546.1026}},
  note = {Accessed: 2022-06-09}
}


@article{bolt1961a, 
	title={On the {Clifford} collineation, transform and similarity groups. I.}, volume={2}, 
	number={1}, 
	journal={Journal of the Australian Mathematical Society}, publisher={Cambridge University Press}, 
	author={Bolt, Beverley and Room, T. G. and Wall, G. E.}, 
	year={1961}, 
	pages={60-79}
}

@article{bolt1961b, 
	title={On the {Clifford} collineation, transform and similarity groups. II.}, volume={2}, 
	number={1},
	journal={Journal of the Australian Mathematical Society}, publisher={Cambridge University Press}, 
	author={Bolt, Beverley and Room, T. G. and Wall, G. E.}, 
	year={1961}, 
	pages={80--96}
}

@article{Koenig2014,
  title={How to efficiently select an arbitrary Clifford group element},
  author={Koenig, Robert and Smolin, John A},
  journal={Journal of Mathematical Physics},
  volume={55},
  number={12},
  pages={122202},
  year={2014},
  publisher={AIP Publishing LLC}
}

@misc{Qiskit-Textbook,
	author = {Abraham Asfaw and Antonio Corcoles and Luciano Bello and Yael Ben-Haim and Mehdi Bozzo-Rey and Sergey Bravyi and Nicholas Bronn and Lauren Capelluto and Almudena Carrera Vazquez and Jack Ceroni and Richard Chen and Albert Frisch and Jay Gambetta and Shelly Garion and Leron Gil and Salvador De La Puente Gonzalez and Francis Harkins and Takashi Imamichi and Hwajung Kang and Amir h. Karamlou and Robert Loredo and David McKay and Antonio Mezzacapo and Zlatko Minev and Ramis Movassagh and Giacomo Nannicini and Paul Nation and Anna Phan and Marco Pistoia and Arthur Rattew and Joachim Schaefer and Javad Shabani and John Smolin and John Stenger and Kristan Temme and Madeleine Tod and Stephen Wood and James Wootton.},
	title = {Learn Quantum Computation Using Qiskit},
	year = {2020},
	url = {http://community.qiskit.org/textbook},
}

@misc{nielsen2002quantum,
  title={Quantum computation and quantum information},
  author={Nielsen, Michael A and Chuang, Isaac},
  year={2002},
  publisher={American Association of Physics Teachers}
}

@book{yanofsky2008quantum,
  title={Quantum computing for computer scientists},
  author={Yanofsky, Noson S and Mannucci, Mirco A},
  year={2008},
  publisher={Cambridge University Press}
}

@book{watrous2018theory,
  title={The theory of quantum information},
  author={Watrous, John},
  year={2018},
  publisher={Cambridge university press}
}

@book{van2014quantum,
  title={Quantum networking},
  author={Van Meter, Rodney},
  year={2014},
  publisher={John Wiley \& Sons}
}


@book{knuth,
  title={The Art of Computer Programing: Volume 1/Fundamental Algorithms},
  author={Knuth, D. E},
  year={1997},
  publisher={Addison-Wesley}
}

@book{mitzenmacher,
  title={Probability and computing: Randomized algorithms and probabilistic analysis},
  author={Mitzenmacher, M. and Upfal, E.},
  year={2005},
  publisher={Cambridge University Press}
}

@article{flammia2011direct,
  title={Direct fidelity estimation from few Pauli measurements},
  author={Flammia, Steven T and Liu, Yi-Kai},
  journal={Physical review letters},
  volume={106},
  number={23},
  pages={230501},
  year={2011},
  publisher={APS}
}

@article{da2011practical,
  title={Practical characterization of quantum devices without tomography},
  author={da Silva, Marcus P and Landon-Cardinal, Olivier and Poulin, David},
  journal={Physical Review Letters},
  volume={107},
  number={21},
  pages={210404},
  year={2011},
  publisher={APS}
}

@book{ross2002probability,
  title={Probability models for computer science},
  author={Ross, Sheldon M},
  year={2002},
  publisher={Harcourt Academic Press San Diego}
}

@inproceedings{ben2006secure,
  title={Secure multiparty quantum computation with (only) a strict honest majority},
  author={Ben-Or, Michael and Cr{\'e}peau, Claude and Gottesman, Daniel and Hassidim, Avinatan and Smith, Adam},
  booktitle={2006 47th Annual IEEE Symposium on Foundations of Computer Science (FOCS'06)},
  pages={249--260},
  year={2006},
  organization={IEEE}
}

@article{aharonov2017interactive,
  title={Interactive proofs for quantum computations},
  author={Aharonov, Dorit and Ben-Or, Michael and Eban, Elad and Mahadev, Urmila},
  journal={arXiv preprint arXiv:1704.04487},
  year={2017}
}

@inproceedings{broadbent2013quantum,
  title={Quantum one-time programs},
  author={Broadbent, Anne and Gutoski, Gus and Stebila, Douglas},
  booktitle={Annual Cryptology Conference},
  pages={344--360},
  year={2013},
  organization={Springer}
}

@article{patel2008optimal,
  title={Optimal synthesis of linear reversible circuits.},
  author={Patel, Ketan N and Markov, Igor L and Hayes, John P},
  journal={Quantum Inf. Comput.},
  volume={8},
  number={3},
  pages={282--294},
  year={2008},
  publisher={Citeseer}
}

@article{zhang2019efficient,
  title={An efficient base conversion using variable length segmentation and remainder transfer},
  author={Zhang, Hua and Wei, Xuemei and Wang, Rui and Meng, Fanli},
  journal={IEEE Signal Processing Letters},
  volume={26},
  number={8},
  pages={1227--1231},
  year={2019},
  publisher={IEEE}
}

@misc{EuclideanDivisionWiki,
  title = {Euclidean Division},
  howpublished = {\url{https://en.wikipedia.org/wiki/Euclidean_division}},
  note = {Accessed: 2022-06-08}
}

@article{granlund2010gnu,
  title={GNU multiple Precision Arithmetic Library},
  author={Granlund, Torbj{\"o}rn},
  journal={http://gmplib.org/},
  year={2010}
}

@misc{FastDivision,
  title = {Asymptotically Fast Division for GMP},
  howpublished = {\url{https://members.loria.fr/PZimmermann/papers/invert.pdf}},
  author={Paul Zimmermann},
  note = {Accessed: 2022-06-08}
}

@article{harvey2021integer,
  title={Integer multiplication in time O (n log n)},
  author={Harvey, David and Van Der Hoeven, Joris},
  journal={Annals of Mathematics},
  volume={193},
  number={2},
  pages={563--617},
  year={2021},
  publisher={JSTOR}
}

@book{arndt2010matters,
  title={Matters Computational: ideas, algorithms, source code},
  author={Arndt, J{\"o}rg},
  year={2010},
  publisher={Springer Science \& Business Media}
}

@misc{CircularShiftWiki,
  title = {Circular Shift},
  howpublished = {\url{https://en.wikipedia.org/wiki/Circular_shift}},
  note = {Accessed: 2022-06-09}
}

@article{myrvold2001ranking,
  title={Ranking and unranking permutations in linear time},
  author={Myrvold, Wendy and Ruskey, Frank},
  journal={Information Processing Letters},
  volume={79},
  number={6},
  pages={281--284},
  year={2001},
  publisher={Elsevier}
}

%https://www.site.uottawa.ca/~lucia/courses/5165-09/GenCombObj.pdf
@misc{CNSlectureNotes,
  title = {Generating Elementary Combinatorial Objects},
  howpublished = {\url{https://www.site.uottawa.ca/~lucia/courses/5165-09/GenCombObj.pdf}},
  note = {Accessed: 2022-06-21}
}

%https://mathworld.wolfram.com/StirlingNumberoftheSecondKind.html
@misc{StirlingNumberOfTheSecondKind,
  title = {Stirling Number of the Second Kind},
  howpublished = {\url{https://mathworld.wolfram.com/StirlingNumberoftheSecondKind.html}},
  note = {Accessed: 2022-06-21}
}

%https://en.wikipedia.org/wiki/Urn_problem
@misc{UrnProblemWiki,
  title = {Urn Problem},
  howpublished = {\url{https://en.wikipedia.org/wiki/Urn_problem}},
  note = {Accessed: 2022-06-28}
}

%https://en.wikipedia.org/wiki/Balls_into_bins_problem
@misc{BallsIntoBinsProblemWiki,
  title = {Balls into Bins Problem},
  howpublished = {\url{https://en.wikipedia.org/wiki/Balls_into_bins_problem}},
  note = {Accessed: 2022-06-28}
}

%https://en.wikipedia.org/wiki/Combinatorial_number_system
@misc{CombinatorialNumberSystemWikipedia,
  title = {Combinatorial Number System},
  howpublished = {\url{https://en.wikipedia.org/wiki/Combinatorial_number_system}},
  note = {Accessed: 2022-06-28}
}

@article{borwein1985complexity,
  title={On the complexity of calculating factorials},
  author={Borwein, Peter B},
  journal={Journal of Algorithms},
  volume={6},
  number={3},
  pages={376--380},
  year={1985},
  publisher={Elsevier}
}

%https://en.wikipedia.org/wiki/Positional_notation#Base_conversion
@misc{BaseConversionWikipedia,
  title = {Positional notation, Base conversion},
  howpublished = {\url{https://en.wikipedia.org/wiki/Positional_notation#Base_conversion}},
  note = {Accessed: 2022-07-04}
}

@article{siddique2016proof,
  title={Proof of bijection for combinatorial number system},
  author={Siddique, Abu Bakar and Farid, Saadia and Tahir, Muhammad},
  journal={arXiv preprint arXiv:1601.05794},
  year={2016}
}

@article{takaoka2015multi,
  title={Multi-level Loop-less Algorithm for Multi-set Permutations},
  author={Takaoka, Tadao},
  journal={arXiv preprint arXiv:1502.06062},
  year={2015}
}

%https://stackoverflow.com/a/24508736/9480689
@misc{unrankingMultisetStackOverflow,
  title = {Algorithm for finding multiset permutation given lexicographic index},
  howpublished = {\url{https://stackoverflow.com/a/24508736/9480689}},
  note = {Accessed: 2022-07-04}
}

%https://oeis.org/wiki/Ranking_and_unranking_functions
@misc{rankingAndUnrankingFunctionsOEIS,
  title = {Ranking and Unranking Functions},
  howpublished = {\url{https://oeis.org/wiki/Ranking_and_unranking_functions}},
  note = {Accessed: 2022-07-05}
}

@article{barbeau2022authenticity,
  title={Authenticity, Integrity, and Replay Protection in Quantum Data Communications and Networking},
  author={Barbeau, Michel and Kranakis, Evangelos and Perez, Nicolas},
  journal={ACM Transactions on Quantum Computing},
  volume={3},
  number={2},
  pages={1--22},
  year={2022},
  publisher={ACM New York, NY}
}


@article{barnum2002authentication,
  title={Authentication of Quantum Messages},
  author={Barnum, Howard and Crepeau, Claude and Gottesman, Daniel and Smith, Adam and Tapp, Alain},
  journal={arXiv preprint quant-ph/0205128},
  year={2002}
}

%https://cglab.ca/~michiel/DiscreteStructures/DiscreteStructures.pdf
@misc{michielSmidTextbook,
  title = {Discrete Structures for Computer Science: Counting, Recursion, and Probability},
  howpublished = {\url{https://cglab.ca/~michiel/DiscreteStructures/DiscreteStructures.pdf}},
  note = {Accessed: 2022-07-13}
}

@book{morin2013open,
  title={Open Data Structures: An Introduction},
  author={Morin, Pat},
  volume={9},
  year={2013},
  publisher={Athabasca University Press}
}

@book{gottesman1997stabilizer,
  title={Stabilizer codes and quantum error correction},
  author={Gottesman, Daniel},
  year={1997},
  publisher={California Institute of Technology}
}

@article{ozols2008clifford,
  title={Clifford group},
  author={Ozols, Maris},
  journal={Essays at University of Waterloo, Spring},
  year={2008}
}

@article{shimizu2014unranking,
  title={Unranking of small combinations from large sets},
  author={Shimizu, Toshihiro and Fukunaga, Takuro and Nagamochi, Hiroshi},
  journal={Journal of Discrete Algorithms},
  volume={29},
  pages={8--20},
  year={2014},
  publisher={Elsevier}
}

@article{bravyi2021hadamard,
  title={Hadamard-free circuits expose the structure of the clifford group},
  author={Bravyi, Sergey and Maslov, Dmitri},
  journal={IEEE Transactions on Information Theory},
  year={2021},
  publisher={Institute of Electrical and Electronics Engineers Inc.}
}

%https://en.wikipedia.org/wiki/Checksum
@misc{checksumWikipedia,
  title = {Checksum},
  howpublished = {\url{https://en.wikipedia.org/wiki/Checksum}},
  note = {Accessed: 2022-07-17}
}

%https://en.wikipedia.org/wiki/Set-builder_notation
@misc{setBuilderNotationWikipedia,
  title = {Set-builder Notation},
  howpublished = {\url{https://en.wikipedia.org/wiki/Set-builder_notation}},
  note = {Accessed: 2022-07-18}
}

%https://stats.stackexchange.com/questions/332451/multinomial-distribution-sampling
@misc{multinomialDistributionConverge,
  title = {Multinomial Distribution Sampling},
  howpublished = {\url{https://stats.stackexchange.com/questions/332451/multinomial-distribution-sampling}},
  note = {Accessed: 2022-07-19}
}

%https://stats.libretexts.org/Bookshelves/Probability_Theory/Probability_Mathematical_Statistics_and_Stochastic_Processes_(Siegrist)/12%3A_Finite_Sampling_Models/12.03%3A_The_Multivariate_Hypergeometric_Distribution
@misc{TheMultivariateHypergeometricDistribution,
  title = {The Multivariate Hypergeometric Distribution},
  howpublished = {\url{https://stats.libretexts.org/Bookshelves/Probability_Theory/Probability_Mathematical_Statistics_and_Stochastic_Processes_(Siegrist)/12\%3A_Finite_Sampling_Models/12.03\%3A_The_Multivariate_Hypergeometric_Distribution}},
  note = {Accessed: 2022-07-19}
}

%https://grantjenks.com/docs/sortedcontainers/
@misc{sortedContainers,
  title = {Sorted Containers},
  howpublished = {\url{https://grantjenks.com/docs/sortedcontainers/}},
  note = {Accessed: 2022-07-20}
}

%https://www.rfc-editor.org/rfc/rfc879#section-1
@misc{rfc879,
  title = {RFC 879},
  howpublished = {\url{https://www.rfc-editor.org/rfc/rfc879#section-1}},
  note = {Accessed: 2022-07-24}
}

%https://en.wikipedia.org/wiki/Racetrack_principle
@misc{racetrackPrincipleWiki,
  title = {Racetrack principle},
  howpublished = {\url{https://en.wikipedia.org/wiki/Racetrack_principle}},
  note = {Accessed: 2022-07-24}
}

%https://qiskit.org/documentation/stubs/qiskit.providers.aer.noise.depolarizing_error.html?highlight=depolarizing_error#qiskit.providers.aer.noise.depolarizing_error
@misc{qiskitDepolarizingChannel,
  title = {Qiskit Depolarizing Channel},
  howpublished = {\url{https://qiskit.org/documentation/stubs/qiskit.providers.aer.noise.depolarizing_error.html?highlight=depolarizing_error#qiskit.providers.aer.noise.depolarizing_error}},
  note = {Accessed: 2022-07-24}
}

%https://thenextweb.com/news/ibms-latest-trick-turning-noisy-quantum-bits-into-machine-learning-magic
@misc{noisyQuantuamMachineLearning,
  title = {{IBM}'s Latest Trick: Turning Noisy Quantum Bits into Machine Learning Magic},
  howpublished = {\url{https://thenextweb.com/news/ibms-latest-trick-turning-noisy-quantum-bits-into-machine-learning-magic}},
  note = {Accessed: 2022-07-24}
}

@inproceedings{sheldon2019quantum,
  title={Quantum computing with noisy qubits},
  author={Sheldon, Sarah},
  booktitle={Frontiers of Engineering: Reports on Leading-Edge Engineering from the 2018 Symposium},
  year={2019},
  organization={National Academies Press}
}

@inproceedings{rosch2022quantum,
  title={From Quantum Fuzzing to the Multiverse: Possible Effective Uses of Quantum Noise},
  author={Rosch-Grace, Dominic and Straub, Jeremy},
  booktitle={Future of Information and Communication Conference},
  pages={399--410},
  year={2022},
  organization={Springer}
}

@misc{approximateQuantumComputing,
  title = {Approximate Quantum Computing Advantage Applications},
  howpublished = {\url{https://www.ibm.com/blogs/research/2017/12/approximate-quantum-computing-advantage-applications/}},
  note = {Accessed: 2022-07-24}
}

%https://scitechdaily.com/scientists-work-to-turn-noise-on-quantum-computers-to-their-advantage/
@misc{noiseToTheirAdvantage,
  title = {Scientists Work to Turn Noise on Quantum Computer to their Advantage},
  howpublished = {\url{https://scitechdaily.com/scientists-work-to-turn-noise-on-quantum-computers-to-their-advantage/}},
  note = {Accessed: 2022-07-24}
}

%https://dlmf.nist.gov/26.8#vii
@misc{stirlingSecondKindApproximation,
  title = {Digital Library of Mathematical Functions, Set Partitions: Stirling Numbers},
  howpublished = {\url{https://dlmf.nist.gov/26.8#vii/}},
  note = {Accessed: 2022-08-04}
}

%https://en.wikipedia.org/wiki/Binomial_proportion_confidence_interval#Wilson_score_interval
@misc{wilsonScoreInterval,
  title = {Binomial Proportion Confidence Interval},
  howpublished = {\url{https://en.wikipedia.org/wiki/Binomial_proportion_confidence_interval#Wilson_score_interval}},
  note = {Accessed: 2022-08-04}
}

%https://www.quantum-inspire.com/kbase/qubit-basis-states/
@misc{basisStates,
  title = {Quantum Inspire: Qubit Basis States},
  howpublished = {\url{https://www.quantum-inspire.com/kbase/qubit-basis-states/}},
  note = {Accessed: 2022-08-05}
}